<?xml version="1.0" encoding="UTF-8"?>
<record xmlns="http://www.loc.gov/MARC21/slim" xmlns:zs="http://docs.oasis-open.org/ns/search-ws/sruResponse">
 <leader>
  03828cpcaa22006017a 4500
 </leader>
 <controlfield tag="001">
  14952598
 </controlfield>
 <controlfield tag="005">
  20210316085710.0
 </controlfield>
 <controlfield tag="007">
  st m|ncm|||n|e
 </controlfield>
 <controlfield tag="007">
  ss ||njl|||l|e
 </controlfield>
 <controlfield tag="008">
  070803i19462002xxu                 eng
 </controlfield>
 <datafield ind1=" " ind2=" " tag="906">
  <subfield code="a">
   7
  </subfield>
  <subfield code="b">
   cbc
  </subfield>
  <subfield code="c">
   orignew
  </subfield>
  <subfield code="d">
   u
  </subfield>
  <subfield code="e">
   ncip
  </subfield>
  <subfield code="f">
   20
  </subfield>
  <subfield code="g">
   y-folklife
  </subfield>
 </datafield>
 <datafield ind1=" " ind2=" " tag="955">
  <subfield code="a">
   mkru 2007-08-03; cker 2010-03-08; cker 2013-03-01
  </subfield>
  <subfield code="a">
   mkru 2013-04-03
  </subfield>
  <subfield code="a">
   mseg 2013-09-05
  </subfield>
  <subfield code="a">
   mkru 2013-09-10
  </subfield>
  <subfield code="a">
   mseg 2013-11-25
  </subfield>
  <subfield code="a">
   masmit 2021-02-17
  </subfield>
  <subfield code="a">
   masmit 2021-03-16
  </subfield>
 </datafield>
 <datafield ind1=" " ind2=" " tag="010">
  <subfield code="a">
   2007700239
  </subfield>
 </datafield>
 <datafield ind1=" " ind2=" " tag="040">
  <subfield code="a">
   DLC
  </subfield>
  <subfield code="c">
   DLC
  </subfield>
  <subfield code="e">
   dacs
  </subfield>
  <subfield code="d">
   DLC
  </subfield>
 </datafield>
 <datafield ind1=" " ind2=" " tag="043">
  <subfield code="a">
   n-us-co
  </subfield>
  <subfield code="a">
   n-us---
  </subfield>
 </datafield>
 <datafield ind1=" " ind2=" " tag="090">
  <subfield code="a">
   RXH 5633-5636; RYN 9592-9616; VAP 7660-VAP 7678; VBW 5275
  </subfield>
 </datafield>
 <datafield ind1=" " ind2=" " tag="090">
  <subfield code="a">
   AFC 1995/015
  </subfield>
 </datafield>
 <datafield ind1="0" ind2="0" tag="245">
  <subfield code="a">
   W. Dean Edwards collection,
  </subfield>
  <subfield code="f">
   1946-2002 /
  </subfield>
  <subfield code="c">
   collected by W. Dean Edwards and Peg Edwards.
  </subfield>
 </datafield>
 <datafield ind1=" " ind2=" " tag="300">
  <subfield code="a">
   2619
  </subfield>
  <subfield code="f">
   items
  </subfield>
 </datafield>
 <datafield ind1=" " ind2=" " tag="300">
  <subfield code="a">
   11
  </subfield>
  <subfield code="f">
   boxes
  </subfield>
 </datafield>
 <datafield ind1=" " ind2=" " tag="300">
  <subfield code="3">
   manuscripts
  </subfield>
  <subfield code="a">
   71 folders
  </subfield>
 </datafield>
 <datafield ind1=" " ind2=" " tag="300">
  <subfield code="3">
   sound recordings
  </subfield>
  <subfield code="a">
   25 sound cassettes :
  </subfield>
  <subfield code="b">
   analog
  </subfield>
 </datafield>
 <datafield ind1=" " ind2=" " tag="300">
  <subfield code="3">
   sound recordings
  </subfield>
  <subfield code="a">
   4 sound tape reels :
  </subfield>
  <subfield code="b">
   analog, 3 3/4 ips ;
  </subfield>
  <subfield code="c">
   7 in.
  </subfield>
 </datafield>
 <datafield ind1=" " ind2=" " tag="300">
  <subfield code="3">
   moving images
  </subfield>
  <subfield code="a">
   19 videocassettes (VHS) :
  </subfield>
  <subfield code="b">
   sound, color ;
  </subfield>
  <subfield code="c">
   1/2 in.
  </subfield>
 </datafield>
 <datafield ind1=" " ind2=" " tag="300">
  <subfield code="3">
   moving images
  </subfield>
  <subfield code="a">
   1 videocassette (U-Matic)
  </subfield>
 </datafield>
 <datafield ind1=" " ind2=" " tag="300">
  <subfield code="3">
   graphic materials
  </subfield>
  <subfield code="a">
   1128 photographs (44 folders, photographic prints, negatives) :
  </subfield>
  <subfield code="b">
   black-and-white, color ;
  </subfield>
  <subfield code="c">
   various sizes +
  </subfield>
  <subfield code="e">
   9 folder oversize, 1 framed painting
  </subfield>
 </datafield>
 <datafield ind1=" " ind2=" " tag="351">
  <subfield code="a">
   Organized by format into the following series: I. Manuscripts, II. Sound Recordings, III. Graphic Images, and IV. Moving Images.
  </subfield>
 </datafield>
 <datafield ind1=" " ind2=" " tag="520">
  <subfield code="a">
   Collection includes manuscripts, photographs, sound recordings, and videotapes which document the activities from 1946 to 2002 of a traditional American square and contra dance group, the Fun Finders, from Colorado Springs, Colorado.  Fun Finders was organized as an exhibition square dance group by W. Dean Edwards, who directed the group from the 1940s through the 1980s with his wife Peg Edwards. Sound and videorecordings of square dance calling and instructional videos for square and contra dancing are included.
  </subfield>
 </datafield>
 <datafield ind1=" " ind2=" " tag="524">
  <subfield code="a">
   W. Dean Edwards Collection (AFC 1995/015), Archive of Folk Culture, American Folklife Center, Library of Congress.
  </subfield>
 </datafield>
 <datafield ind1="1" ind2=" " tag="506">
  <subfield code="a">
   Collection is open for research. Access to recordings may be restricted. To request materials, please contact the Folklife Reading Room at http://hdl.loc.gov/loc.afc/folklife.contact
  </subfield>
 </datafield>
 <datafield ind1=" " ind2=" " tag="540">
  <subfield code="a">
   Duplication of the recorded materials may be governed by copyright and other restrictions.
  </subfield>
 </datafield>
 <datafield ind1=" " ind2=" " tag="541">
  <subfield code="a">
   W. Dean Edwards;
  </subfield>
  <subfield code="c">
   Donation;
  </subfield>
  <subfield code="d">
   1992; 2004.
  </subfield>
 </datafield>
 <datafield ind1=" " ind2=" " tag="546">
  <subfield code="a">
   In English.
  </subfield>
 </datafield>
 <datafield ind1="0" ind2=" " tag="544">
  <subfield code="a">
   The Dean and Peg Edwards Collection, Colorado Springs Pioneers Museum, contains additional audio and visual documentation and published materials related to the history of the Fun Finders Square Dancing group. An online collection inventory is available from the Online Archive of Colorado Pioneers Springs Museum.
  </subfield>
 </datafield>
 <datafield ind1="0" ind2=" " tag="555">
  <subfield code="a">
   Finding aid is available online
  </subfield>
  <subfield code="u">
   http://hdl.loc.gov/loc.afc/eadafc.af013009
  </subfield>
 </datafield>
 <datafield ind1=" " ind2="0" tag="650">
  <subfield code="a">
   Square dancing
  </subfield>
  <subfield code="z">
   Colorado.
  </subfield>
 </datafield>
 <datafield ind1=" " ind2="0" tag="650">
  <subfield code="a">
   Square dancing
  </subfield>
  <subfield code="x">
   Study and teaching.
  </subfield>
 </datafield>
 <datafield ind1=" " ind2="0" tag="650">
  <subfield code="a">
   Square dance music
  </subfield>
  <subfield code="z">
   United States.
  </subfield>
 </datafield>
 <datafield ind1=" " ind2="0" tag="650">
  <subfield code="a">
   Folk dance music
  </subfield>
  <subfield code="z">
   United States.
  </subfield>
 </datafield>
 <datafield ind1=" " ind2="7" tag="650">
  <subfield code="a">
   Contra dance.
  </subfield>
  <subfield code="2">
   afset
  </subfield>
 </datafield>
 <datafield ind1=" " ind2="0" tag="651">
  <subfield code="a">
   Colorado Springs (Colo.)
  </subfield>
  <subfield code="x">
   Social life and customs.
  </subfield>
 </datafield>
 <datafield ind1=" " ind2="7" tag="655">
  <subfield code="a">
   Sound recordings.
  </subfield>
  <subfield code="2">
   lcgft
  </subfield>
 </datafield>
 <datafield ind1=" " ind2="7" tag="655">
  <subfield code="a">
   Video recordings.
  </subfield>
  <subfield code="2">
   lcgft
  </subfield>
 </datafield>
 <datafield ind1=" " ind2="7" tag="655">
  <subfield code="a">
   Videocassettes.
  </subfield>
  <subfield code="2">
   aat
  </subfield>
 </datafield>
 <datafield ind1=" " ind2="7" tag="655">
  <subfield code="a">
   Photographs.
  </subfield>
  <subfield code="2">
   lcgft
  </subfield>
 </datafield>
 <datafield ind1=" " ind2="7" tag="655">
  <subfield code="a">
   Paintings.
  </subfield>
  <subfield code="2">
   lcgft
  </subfield>
 </datafield>
 <datafield ind1="1" ind2=" " tag="700">
  <subfield code="a">
   Edwards, W. Dean,
  </subfield>
  <subfield code="d">
   1927-2005,
  </subfield>
  <subfield code="e">
   collector.
  </subfield>
 </datafield>
 <datafield ind1="1" ind2=" " tag="700">
  <subfield code="a">
   Edwards, Peg,
  </subfield>
  <subfield code="e">
   collector.
  </subfield>
 </datafield>
 <datafield ind1="2" ind2=" " tag="710">
  <subfield code="a">
   Fun Finders (Dance group)
  </subfield>
 </datafield>
 <datafield ind1=" " ind2=" " tag="852">
  <subfield code="a">
   DLC-AFC
  </subfield>
  <subfield code="b">
   Archive of Folk Culture, American Folklife Center,
  </subfield>
  <subfield code="e">
   101 Independence Ave. S.E., Washington, DC USA 20540-4610
  </subfield>
  <subfield code="u">
   http://hdl.loc.gov/loc.afc/folklife.home
  </subfield>
 </datafield>
 <datafield ind1="4" ind2="2" tag="856">
  <subfield code="3">
   Finding aid
  </subfield>
  <subfield code="u">
   http://hdl.loc.gov/loc.afc/eadafc.af013009
  </subfield>
 </datafield>
 <datafield ind1=" " ind2=" " tag="985">
  <subfield code="a">
   afc/ead
  </subfield>
 </datafield>
 <datafield ind1=" " ind2=" " tag="985">
  <subfield code="a">
   afc/coll
  </subfield>
 </datafield>
</record>
